<?xml version="1.0" encoding="UTF-8"?><collection xmlns="http://www.loc.gov/MARC21/slim"><record><leader>00363nam--2200133-i-4500</leader><controlfield tag="001">000033081</controlfield><controlfield tag="002">20161230</controlfield><controlfield tag="005">20161230201039</controlfield><controlfield tag="008">060222s1000------------r-----000-0-eng-d</controlfield><datafield ind1=" " ind2=" " tag="100"><subfield code="a">Mellor, J.W</subfield></datafield><datafield ind1=" " ind2=" " tag="245"><subfield code="a">Pt and general index</subfield></datafield><datafield ind1=" " ind2=" " tag="260"><subfield code="a">London, Longmans, Green And Co</subfield></datafield><datafield ind1=" " ind2=" " tag="490"><subfield code="a">A Comprehensive Treatise On Inorganic And Theoretical Chemistry</subfield></datafield><datafield ind1=" " ind2=" " tag="852"><subfield code="a">15348</subfield></datafield></record></collection>